@article{McGreevy:2009xe,
      author         = "McGreevy, John",
      title          = "{Holographic duality with a view toward many-body
                        physics}",
      journal        = "Adv.High Energy Phys.",
      volume         = "2010",
      pages          = "723105",
      doi            = "10.1155/2010/723105",
      year           = "2010",
      eprint         = "0909.0518",
      archivePrefix  = "arXiv",
      primaryClass   = "hep-th",
      reportNumber   = "MIT-CTP-4067, NSF-KITP-09-134",
      SLACcitation   = "%%CITATION = ARXIV:0909.0518;%%",
}
@article{Maldacena:1997re,
      author         = "Maldacena, Juan Martin",
      title          = "{The Large N limit of superconformal field theories and
                        supergravity}",
      journal        = "Adv.Theor.Math.Phys.",
      volume         = "2",
      pages          = "231-252",
      year           = "1998",
      eprint         = "hep-th/9711200",
      archivePrefix  = "arXiv",
      primaryClass   = "hep-th",
      reportNumber   = "HUTP-98-A097",
      SLACcitation   = "%%CITATION = HEP-TH/9711200;%%",
}
@article{Witten:1998qj,
      author         = "Witten, Edward",
      title          = "{Anti-de Sitter space and holography}",
      journal        = "Adv.Theor.Math.Phys.",
      volume         = "2",
      pages          = "253-291",
      year           = "1998",
      eprint         = "hep-th/9802150",
      archivePrefix  = "arXiv",
      primaryClass   = "hep-th",
      reportNumber   = "IASSNS-HEP-98-15",
      SLACcitation   = "%%CITATION = HEP-TH/9802150;%%",
}
@book{feynman1965quantum,
  title={Quantum mechanics and path integrals},
  author={Feynman, R.P. and Hibbs, A.R.},
  lccn={lc64025171},
  series={International series in pure and applied physics},
  url={http://books.google.se/books?id=14ApAQAAMAAJ},
  year={1965},
  publisher={McGraw-Hill}
}